%YAML 1.1
%TAG !u! tag:unity3d.com,2011:
--- !u!1 &908072973443968646
GameObject:
  m_ObjectHideFlags: 0
  m_CorrespondingSourceObject: {fileID: 0}
  m_PrefabInstance: {fileID: 0}
  m_PrefabAsset: {fileID: 0}
  serializedVersion: 6
  m_Component:
  - component: {fileID: 5293098265022183151}
  - component: {fileID: 6704305816454380875}
  - component: {fileID: 4446439699275348163}
  - component: {fileID: 7964237931794578771}
  - component: {fileID: 5978780525755022088}
  - component: {fileID: 4056178090186239708}
  m_Layer: 0
  m_Name: spriteNave
  m_TagString: Untagged
  m_Icon: {fileID: 0}
  m_NavMeshLayer: 0
  m_StaticEditorFlags: 0
  m_IsActive: 1
--- !u!4 &5293098265022183151
Transform:
  m_ObjectHideFlags: 0
  m_CorrespondingSourceObject: {fileID: 0}
  m_PrefabInstance: {fileID: 0}
  m_PrefabAsset: {fileID: 0}
  m_GameObject: {fileID: 908072973443968646}
  m_LocalRotation: {x: -0, y: -0, z: -0, w: 1}
  m_LocalPosition: {x: 0, y: 0, z: 0}
  m_LocalScale: {x: 1, y: 1, z: 1}
  m_Children:
  - {fileID: 6690603086503079043}
  - {fileID: 1670816912487490386}
  - {fileID: 7853543363654660794}
  - {fileID: 8368769601182855467}
  - {fileID: 5914151524619281962}
  m_Father: {fileID: 6690603086519084097}
  m_RootOrder: 0
  m_LocalEulerAnglesHint: {x: 0, y: 0, z: 0}
--- !u!212 &6704305816454380875
SpriteRenderer:
  m_ObjectHideFlags: 0
  m_CorrespondingSourceObject: {fileID: 0}
  m_PrefabInstance: {fileID: 0}
  m_PrefabAsset: {fileID: 0}
  m_GameObject: {fileID: 908072973443968646}
  m_Enabled: 1
  m_CastShadows: 0
  m_ReceiveShadows: 0
  m_DynamicOccludee: 1
  m_MotionVectors: 1
  m_LightProbeUsage: 1
  m_ReflectionProbeUsage: 1
  m_RenderingLayerMask: 1
  m_RendererPriority: 0
  m_Materials:
  - {fileID: 10754, guid: 0000000000000000f000000000000000, type: 0}
  m_StaticBatchInfo:
    firstSubMesh: 0
    subMeshCount: 0
  m_StaticBatchRoot: {fileID: 0}
  m_ProbeAnchor: {fileID: 0}
  m_LightProbeVolumeOverride: {fileID: 0}
  m_ScaleInLightmap: 1
  m_PreserveUVs: 0
  m_IgnoreNormalsForChartDetection: 0
  m_ImportantGI: 0
  m_StitchLightmapSeams: 0
  m_SelectedEditorRenderState: 0
  m_MinimumChartSize: 4
  m_AutoUVMaxDistance: 0.5
  m_AutoUVMaxAngle: 89
  m_LightmapParameters: {fileID: 0}
  m_SortingLayerID: 0
  m_SortingLayer: 0
  m_SortingOrder: 0
  m_Sprite: {fileID: 21300000, guid: 3546ee607806d06478090e10bc7d2dda, type: 3}
  m_Color: {r: 1, g: 1, b: 1, a: 1}
  m_FlipX: 0
  m_FlipY: 0
  m_DrawMode: 0
  m_Size: {x: 0.97, y: 0.47}
  m_AdaptiveModeThreshold: 0.5
  m_SpriteTileMode: 0
  m_WasSpriteAssigned: 1
  m_MaskInteraction: 0
  m_SpriteSortPoint: 0
--- !u!50 &4446439699275348163
Rigidbody2D:
  serializedVersion: 4
  m_ObjectHideFlags: 0
  m_CorrespondingSourceObject: {fileID: 0}
  m_PrefabInstance: {fileID: 0}
  m_PrefabAsset: {fileID: 0}
  m_GameObject: {fileID: 908072973443968646}
  m_BodyType: 1
  m_Simulated: 1
  m_UseFullKinematicContacts: 0
  m_UseAutoMass: 0
  m_Mass: 1
  m_LinearDrag: 0
  m_AngularDrag: 0.05
  m_GravityScale: 1
  m_Material: {fileID: 0}
  m_Interpolate: 0
  m_SleepingMode: 1
  m_CollisionDetection: 0
  m_Constraints: 4
--- !u!60 &7964237931794578771
PolygonCollider2D:
  m_ObjectHideFlags: 0
  m_CorrespondingSourceObject: {fileID: 0}
  m_PrefabInstance: {fileID: 0}
  m_PrefabAsset: {fileID: 0}
  m_GameObject: {fileID: 908072973443968646}
  m_Enabled: 1
  m_Density: 1
  m_Material: {fileID: 0}
  m_IsTrigger: 0
  m_UsedByEffector: 0
  m_UsedByComposite: 0
  m_Offset: {x: 0, y: 0}
  m_SpriteTilingProperty:
    border: {x: 0, y: 0, z: 0, w: 0}
    pivot: {x: 0.5, y: 0.5}
    oldSize: {x: 2.048, y: 2.048}
    newSize: {x: 0.97, y: 0.47}
    adaptiveTilingThreshold: 0.5
    drawMode: 0
    adaptiveTiling: 0
  m_AutoTiling: 0
  m_Points:
    m_Paths:
    - - {x: 0.08800001, y: -0.9760001}
      - {x: 0.096, y: -0.97200006}
      - {x: 0.15200001, y: -0.90000004}
      - {x: 0.216, y: -0.84000003}
      - {x: 0.268, y: -0.836}
      - {x: 0.272, y: -0.92800003}
      - {x: 0.316, y: -0.95600003}
      - {x: 0.43600002, y: -0.94400007}
      - {x: 0.46400002, y: -0.90400004}
      - {x: 0.45600003, y: -0.64000005}
      - {x: 0.41200003, y: -0.61600006}
      - {x: 0.32000002, y: -0.62}
      - {x: 0.296, y: -0.624}
      - {x: 0.268, y: -0.66400003}
      - {x: 0.24400002, y: -0.64000005}
      - {x: 0.24800001, y: -0.58000004}
      - {x: 0.19600001, y: -0.55200005}
      - {x: 0.216, y: -0.52400005}
      - {x: 0.296, y: -0.52000004}
      - {x: 0.384, y: -0.48800004}
      - {x: 0.40800002, y: -0.46400002}
      - {x: 0.432, y: -0.42000002}
      - {x: 0.48000002, y: -0.15200001}
      - {x: 0.48800004, y: -0.108}
      - {x: 0.52000004, y: 0.08800001}
      - {x: 0.528, y: 0.15200001}
      - {x: 0.58000004, y: 0.15200001}
      - {x: 0.58000004, y: 0.060000002}
      - {x: 0.624, y: 0.036000002}
      - {x: 0.716, y: 0.040000003}
      - {x: 0.74, y: 0.044000003}
      - {x: 0.76400006, y: 0.072000004}
      - {x: 0.76400006, y: 0.34800002}
      - {x: 0.72, y: 0.37600002}
      - {x: 0.6, y: 0.36400002}
      - {x: 0.57600003, y: 0.324}
      - {x: 0.51600003, y: 0.36800003}
      - {x: 0.448, y: 0.36400002}
      - {x: 0.256, y: 0.34800002}
      - {x: 0.216, y: 0.36800003}
      - {x: 0.22000001, y: 0.46}
      - {x: 0.22000001, y: 0.528}
      - {x: 0.2, y: 0.62}
      - {x: 0.18, y: 0.652}
      - {x: 0.18, y: 0.75600004}
      - {x: 0.16000001, y: 0.84400004}
      - {x: 0.076000005, y: 0.96800005}
      - {x: 0.048, y: 0.984}
      - {x: -0.040000003, y: 0.984}
      - {x: -0.056, y: 0.98}
      - {x: -0.08800001, y: 0.9480001}
      - {x: -0.16000001, y: 0.84400004}
      - {x: -0.18, y: 0.75600004}
      - {x: -0.18400002, y: 0.648}
      - {x: -0.20400001, y: 0.60400003}
      - {x: -0.22800002, y: 0.46}
      - {x: -0.216, y: 0.36800003}
      - {x: -0.324, y: 0.34800002}
      - {x: -0.448, y: 0.36400002}
      - {x: -0.528, y: 0.36400002}
      - {x: -0.564, y: 0.328}
      - {x: -0.624, y: 0.372}
      - {x: -0.744, y: 0.36800003}
      - {x: -0.76400006, y: 0.33600003}
      - {x: -0.76400006, y: 0.060000002}
      - {x: -0.72, y: 0.036000002}
      - {x: -0.628, y: 0.040000003}
      - {x: -0.60400003, y: 0.044000003}
      - {x: -0.57600003, y: 0.08400001}
      - {x: -0.55200005, y: 0.15200001}
      - {x: -0.52400005, y: 0.116000004}
      - {x: -0.508, y: -0.016}
      - {x: -0.448, y: -0.34800002}
      - {x: -0.42800003, y: -0.42000002}
      - {x: -0.41200003, y: -0.46400002}
      - {x: -0.384, y: -0.48400003}
      - {x: -0.312, y: -0.52000004}
      - {x: -0.216, y: -0.52400005}
      - {x: -0.2, y: -0.56}
      - {x: -0.24000001, y: -0.588}
      - {x: -0.24400002, y: -0.60400003}
      - {x: -0.24800001, y: -0.632}
      - {x: -0.23200001, y: -0.66400003}
      - {x: -0.27600002, y: -0.64400005}
      - {x: -0.316, y: -0.61200005}
      - {x: -0.43600002, y: -0.624}
      - {x: -0.46400002, y: -0.66400003}
      - {x: -0.45600003, y: -0.92800003}
      - {x: -0.41200003, y: -0.952}
      - {x: -0.32000002, y: -0.9480001}
      - {x: -0.296, y: -0.94400007}
      - {x: -0.268, y: -0.90400004}
      - {x: -0.24400002, y: -0.836}
      - {x: -0.104, y: -0.952}
      - {x: -0.09200001, y: -0.9760001}
      - {x: -0.012, y: -0.9760001}
      - {x: 0.012, y: -0.92}
      - {x: 0.012, y: -0.96800005}
      - {x: 0.020000001, y: -0.9760001}
--- !u!114 &5978780525755022088
MonoBehaviour:
  m_ObjectHideFlags: 0
  m_CorrespondingSourceObject: {fileID: 0}
  m_PrefabInstance: {fileID: 0}
  m_PrefabAsset: {fileID: 0}
  m_GameObject: {fileID: 908072973443968646}
  m_Enabled: 1
  m_EditorHideFlags: 0
  m_Script: {fileID: 11500000, guid: 8f9648fdaf3d7924f81339af2066a5d9, type: 3}
  m_Name: 
  m_EditorClassIdentifier: 
  vidaMax: 10
  vidaActual: 0
  destruirPadre: 1
  puntos: 250
  nombreSonidoMuerte: ExplosionPeq
  textoPuntosSpawn: {fileID: 4004334305405723933, guid: 4728d052fa4e3ab4aaace4faa4120d32,
    type: 3}
  particulasExplotar: {fileID: 8718953725435634343, guid: d443f7f2c1e2cb54893125a2ea384888,
    type: 3}
  objetoPowerUp: {fileID: 4419815570287591194, guid: 10e8d8f2b420e424d83d08e2c95e5b7b,
    type: 3}
  posibilidadSoltarPowerUp: 100
  posDispDoble: 25
  posDispContinuo: 25
  posDispCono: 25
  posDispMisil: 25
--- !u!114 &4056178090186239708
MonoBehaviour:
  m_ObjectHideFlags: 0
  m_CorrespondingSourceObject: {fileID: 0}
  m_PrefabInstance: {fileID: 0}
  m_PrefabAsset: {fileID: 0}
  m_GameObject: {fileID: 908072973443968646}
  m_Enabled: 1
  m_EditorHideFlags: 0
  m_Script: {fileID: 11500000, guid: 008152c65342c604687758a66dc4ebc4, type: 3}
  m_Name: 
  m_EditorClassIdentifier: 
  velocidad: 0.2
--- !u!1 &6690603086503079042
GameObject:
  m_ObjectHideFlags: 0
  m_CorrespondingSourceObject: {fileID: 0}
  m_PrefabInstance: {fileID: 0}
  m_PrefabAsset: {fileID: 0}
  serializedVersion: 6
  m_Component:
  - component: {fileID: 6690603086503079043}
  - component: {fileID: 353957114003915915}
  m_Layer: 0
  m_Name: powerup
  m_TagString: Untagged
  m_Icon: {fileID: 0}
  m_NavMeshLayer: 0
  m_StaticEditorFlags: 0
  m_IsActive: 1
--- !u!4 &6690603086503079043
Transform:
  m_ObjectHideFlags: 0
  m_CorrespondingSourceObject: {fileID: 0}
  m_PrefabInstance: {fileID: 0}
  m_PrefabAsset: {fileID: 0}
  m_GameObject: {fileID: 6690603086503079042}
  m_LocalRotation: {x: -0, y: -0, z: -0, w: 1}
  m_LocalPosition: {x: 0, y: 0, z: 0}
  m_LocalScale: {x: 0.74292576, y: 0.74292576, z: 0.74292576}
  m_Children: []
  m_Father: {fileID: 5293098265022183151}
  m_RootOrder: 0
  m_LocalEulerAnglesHint: {x: 0, y: 0, z: 0}
--- !u!212 &353957114003915915
SpriteRenderer:
  m_ObjectHideFlags: 0
  m_CorrespondingSourceObject: {fileID: 0}
  m_PrefabInstance: {fileID: 0}
  m_PrefabAsset: {fileID: 0}
  m_GameObject: {fileID: 6690603086503079042}
  m_Enabled: 1
  m_CastShadows: 0
  m_ReceiveShadows: 0
  m_DynamicOccludee: 1
  m_MotionVectors: 1
  m_LightProbeUsage: 1
  m_ReflectionProbeUsage: 1
  m_RenderingLayerMask: 1
  m_RendererPriority: 0
  m_Materials:
  - {fileID: 10754, guid: 0000000000000000f000000000000000, type: 0}
  m_StaticBatchInfo:
    firstSubMesh: 0
    subMeshCount: 0
  m_StaticBatchRoot: {fileID: 0}
  m_ProbeAnchor: {fileID: 0}
  m_LightProbeVolumeOverride: {fileID: 0}
  m_ScaleInLightmap: 1
  m_PreserveUVs: 0
  m_IgnoreNormalsForChartDetection: 0
  m_ImportantGI: 0
  m_StitchLightmapSeams: 0
  m_SelectedEditorRenderState: 0
  m_MinimumChartSize: 4
  m_AutoUVMaxDistance: 0.5
  m_AutoUVMaxAngle: 89
  m_LightmapParameters: {fileID: 0}
  m_SortingLayerID: 0
  m_SortingLayer: 0
  m_SortingOrder: 1
  m_Sprite: {fileID: 21300000, guid: cf0b6b3196721d64c9fa15e8589d4939, type: 3}
  m_Color: {r: 1, g: 1, b: 1, a: 1}
  m_FlipX: 0
  m_FlipY: 0
  m_DrawMode: 0
  m_Size: {x: 0.91833335, y: 0.91833335}
  m_AdaptiveModeThreshold: 0.5
  m_SpriteTileMode: 0
  m_WasSpriteAssigned: 1
  m_MaskInteraction: 0
  m_SpriteSortPoint: 0
--- !u!1 &6690603086519084101
GameObject:
  m_ObjectHideFlags: 0
  m_CorrespondingSourceObject: {fileID: 0}
  m_PrefabInstance: {fileID: 0}
  m_PrefabAsset: {fileID: 0}
  serializedVersion: 6
  m_Component:
  - component: {fileID: 6690603086519084097}
  - component: {fileID: 6886191101080458989}
  m_Layer: 0
  m_Name: cargueroPowerUp
  m_TagString: Untagged
  m_Icon: {fileID: 0}
  m_NavMeshLayer: 0
  m_StaticEditorFlags: 0
  m_IsActive: 1
--- !u!4 &6690603086519084097
Transform:
  m_ObjectHideFlags: 0
  m_CorrespondingSourceObject: {fileID: 0}
  m_PrefabInstance: {fileID: 0}
  m_PrefabAsset: {fileID: 0}
  m_GameObject: {fileID: 6690603086519084101}
  m_LocalRotation: {x: 0, y: 0, z: 0, w: 1}
  m_LocalPosition: {x: 0, y: 0, z: 0}
  m_LocalScale: {x: 1.2671604, y: 1.2671604, z: 1.2671604}
  m_Children:
  - {fileID: 5293098265022183151}
  m_Father: {fileID: 0}
  m_RootOrder: 0
  m_LocalEulerAnglesHint: {x: 0, y: 0, z: 0}
--- !u!95 &6886191101080458989
Animator:
  serializedVersion: 3
  m_ObjectHideFlags: 0
  m_CorrespondingSourceObject: {fileID: 0}
  m_PrefabInstance: {fileID: 0}
  m_PrefabAsset: {fileID: 0}
  m_GameObject: {fileID: 6690603086519084101}
  m_Enabled: 1
  m_Avatar: {fileID: 0}
  m_Controller: {fileID: 9100000, guid: 1899b51b860672b4ca36f7171feae916, type: 2}
  m_CullingMode: 0
  m_UpdateMode: 0
  m_ApplyRootMotion: 0
  m_LinearVelocityBlending: 0
  m_WarningMessage: 
  m_HasTransformHierarchy: 1
  m_AllowConstantClipSamplingOptimization: 1
  m_KeepAnimatorControllerStateOnDisable: 0
--- !u!1001 &118347929307362633
PrefabInstance:
  m_ObjectHideFlags: 0
  serializedVersion: 2
  m_Modification:
    m_TransformParent: {fileID: 5293098265022183151}
    m_Modifications:
    - target: {fileID: 8468917172646954083, guid: a54e6c33b12a4a047b267cadd5de56ae,
        type: 3}
      propertyPath: m_Name
      value: particulasMotorBotIzq
      objectReference: {fileID: 0}
    - target: {fileID: 8468917172646954082, guid: a54e6c33b12a4a047b267cadd5de56ae,
        type: 3}
      propertyPath: m_LocalPosition.x
      value: -0.365
      objectReference: {fileID: 0}
    - target: {fileID: 8468917172646954082, guid: a54e6c33b12a4a047b267cadd5de56ae,
        type: 3}
      propertyPath: m_LocalPosition.y
      value: -0.9430001
      objectReference: {fileID: 0}
    - target: {fileID: 8468917172646954082, guid: a54e6c33b12a4a047b267cadd5de56ae,
        type: 3}
      propertyPath: m_LocalPosition.z
      value: 0
      objectReference: {fileID: 0}
    - target: {fileID: 8468917172646954082, guid: a54e6c33b12a4a047b267cadd5de56ae,
        type: 3}
      propertyPath: m_LocalRotation.x
      value: 0.7071068
      objectReference: {fileID: 0}
    - target: {fileID: 8468917172646954082, guid: a54e6c33b12a4a047b267cadd5de56ae,
        type: 3}
      propertyPath: m_LocalRotation.y
      value: -0
      objectReference: {fileID: 0}
    - target: {fileID: 8468917172646954082, guid: a54e6c33b12a4a047b267cadd5de56ae,
        type: 3}
      propertyPath: m_LocalRotation.z
      value: -0
      objectReference: {fileID: 0}
    - target: {fileID: 8468917172646954082, guid: a54e6c33b12a4a047b267cadd5de56ae,
        type: 3}
      propertyPath: m_LocalRotation.w
      value: 0.7071068
      objectReference: {fileID: 0}
    - target: {fileID: 8468917172646954082, guid: a54e6c33b12a4a047b267cadd5de56ae,
        type: 3}
      propertyPath: m_RootOrder
      value: 3
      objectReference: {fileID: 0}
    - target: {fileID: 8468917172646954082, guid: a54e6c33b12a4a047b267cadd5de56ae,
        type: 3}
      propertyPath: m_LocalEulerAnglesHint.x
      value: 90
      objectReference: {fileID: 0}
    - target: {fileID: 8468917172646954082, guid: a54e6c33b12a4a047b267cadd5de56ae,
        type: 3}
      propertyPath: m_LocalEulerAnglesHint.y
      value: 0
      objectReference: {fileID: 0}
    - target: {fileID: 8468917172646954082, guid: a54e6c33b12a4a047b267cadd5de56ae,
        type: 3}
      propertyPath: m_LocalEulerAnglesHint.z
      value: 0
      objectReference: {fileID: 0}
    - target: {fileID: 8468917172646954082, guid: a54e6c33b12a4a047b267cadd5de56ae,
        type: 3}
      propertyPath: m_LocalScale.x
      value: 0.7891661
      objectReference: {fileID: 0}
    - target: {fileID: 8468917172646954082, guid: a54e6c33b12a4a047b267cadd5de56ae,
        type: 3}
      propertyPath: m_LocalScale.y
      value: 0.789167
      objectReference: {fileID: 0}
    - target: {fileID: 8468917172646954082, guid: a54e6c33b12a4a047b267cadd5de56ae,
        type: 3}
      propertyPath: m_LocalScale.z
      value: 0.789167
      objectReference: {fileID: 0}
    - target: {fileID: 8468917172646954080, guid: a54e6c33b12a4a047b267cadd5de56ae,
        type: 3}
      propertyPath: InitialModule.startLifetime.scalar
      value: 0.07
      objectReference: {fileID: 0}
    m_RemovedComponents: []
  m_SourcePrefab: {fileID: 100100000, guid: a54e6c33b12a4a047b267cadd5de56ae, type: 3}
--- !u!4 &8368769601182855467 stripped
Transform:
  m_CorrespondingSourceObject: {fileID: 8468917172646954082, guid: a54e6c33b12a4a047b267cadd5de56ae,
    type: 3}
  m_PrefabInstance: {fileID: 118347929307362633}
  m_PrefabAsset: {fileID: 0}
--- !u!1001 &1835998979030054616
PrefabInstance:
  m_ObjectHideFlags: 0
  serializedVersion: 2
  m_Modification:
    m_TransformParent: {fileID: 5293098265022183151}
    m_Modifications:
    - target: {fileID: 8468917172646954083, guid: a54e6c33b12a4a047b267cadd5de56ae,
        type: 3}
      propertyPath: m_Name
      value: particulasMotorTopDer
      objectReference: {fileID: 0}
    - target: {fileID: 8468917172646954082, guid: a54e6c33b12a4a047b267cadd5de56ae,
        type: 3}
      propertyPath: m_LocalPosition.x
      value: 0.67
      objectReference: {fileID: 0}
    - target: {fileID: 8468917172646954082, guid: a54e6c33b12a4a047b267cadd5de56ae,
        type: 3}
      propertyPath: m_LocalPosition.y
      value: 0.07
      objectReference: {fileID: 0}
    - target: {fileID: 8468917172646954082, guid: a54e6c33b12a4a047b267cadd5de56ae,
        type: 3}
      propertyPath: m_LocalPosition.z
      value: 0
      objectReference: {fileID: 0}
    - target: {fileID: 8468917172646954082, guid: a54e6c33b12a4a047b267cadd5de56ae,
        type: 3}
      propertyPath: m_LocalRotation.x
      value: 0.7071068
      objectReference: {fileID: 0}
    - target: {fileID: 8468917172646954082, guid: a54e6c33b12a4a047b267cadd5de56ae,
        type: 3}
      propertyPath: m_LocalRotation.y
      value: -0
      objectReference: {fileID: 0}
    - target: {fileID: 8468917172646954082, guid: a54e6c33b12a4a047b267cadd5de56ae,
        type: 3}
      propertyPath: m_LocalRotation.z
      value: -0
      objectReference: {fileID: 0}
    - target: {fileID: 8468917172646954082, guid: a54e6c33b12a4a047b267cadd5de56ae,
        type: 3}
      propertyPath: m_LocalRotation.w
      value: 0.7071068
      objectReference: {fileID: 0}
    - target: {fileID: 8468917172646954082, guid: a54e6c33b12a4a047b267cadd5de56ae,
        type: 3}
      propertyPath: m_RootOrder
      value: 2
      objectReference: {fileID: 0}
    - target: {fileID: 8468917172646954082, guid: a54e6c33b12a4a047b267cadd5de56ae,
        type: 3}
      propertyPath: m_LocalEulerAnglesHint.x
      value: 90
      objectReference: {fileID: 0}
    - target: {fileID: 8468917172646954082, guid: a54e6c33b12a4a047b267cadd5de56ae,
        type: 3}
      propertyPath: m_LocalEulerAnglesHint.y
      value: 0
      objectReference: {fileID: 0}
    - target: {fileID: 8468917172646954082, guid: a54e6c33b12a4a047b267cadd5de56ae,
        type: 3}
      propertyPath: m_LocalEulerAnglesHint.z
      value: 0
      objectReference: {fileID: 0}
    - target: {fileID: 8468917172646954082, guid: a54e6c33b12a4a047b267cadd5de56ae,
        type: 3}
      propertyPath: m_LocalScale.x
      value: 0.7891661
      objectReference: {fileID: 0}
    - target: {fileID: 8468917172646954082, guid: a54e6c33b12a4a047b267cadd5de56ae,
        type: 3}
      propertyPath: m_LocalScale.y
      value: 0.789167
      objectReference: {fileID: 0}
    - target: {fileID: 8468917172646954082, guid: a54e6c33b12a4a047b267cadd5de56ae,
        type: 3}
      propertyPath: m_LocalScale.z
      value: 0.789167
      objectReference: {fileID: 0}
    - target: {fileID: 8468917172646954080, guid: a54e6c33b12a4a047b267cadd5de56ae,
        type: 3}
      propertyPath: InitialModule.startLifetime.scalar
      value: 0.07
      objectReference: {fileID: 0}
    m_RemovedComponents: []
  m_SourcePrefab: {fileID: 100100000, guid: a54e6c33b12a4a047b267cadd5de56ae, type: 3}
--- !u!4 &7853543363654660794 stripped
Transform:
  m_CorrespondingSourceObject: {fileID: 8468917172646954082, guid: a54e6c33b12a4a047b267cadd5de56ae,
    type: 3}
  m_PrefabInstance: {fileID: 1835998979030054616}
  m_PrefabAsset: {fileID: 0}
--- !u!1001 &2852161983813755464
PrefabInstance:
  m_ObjectHideFlags: 0
  serializedVersion: 2
  m_Modification:
    m_TransformParent: {fileID: 5293098265022183151}
    m_Modifications:
    - target: {fileID: 8468917172646954083, guid: a54e6c33b12a4a047b267cadd5de56ae,
        type: 3}
      propertyPath: m_Name
      value: particulasMotorBotDer
      objectReference: {fileID: 0}
    - target: {fileID: 8468917172646954082, guid: a54e6c33b12a4a047b267cadd5de56ae,
        type: 3}
      propertyPath: m_LocalPosition.x
      value: 0.356
      objectReference: {fileID: 0}
    - target: {fileID: 8468917172646954082, guid: a54e6c33b12a4a047b267cadd5de56ae,
        type: 3}
      propertyPath: m_LocalPosition.y
      value: -0.9430001
      objectReference: {fileID: 0}
    - target: {fileID: 8468917172646954082, guid: a54e6c33b12a4a047b267cadd5de56ae,
        type: 3}
      propertyPath: m_LocalPosition.z
      value: 0
      objectReference: {fileID: 0}
    - target: {fileID: 8468917172646954082, guid: a54e6c33b12a4a047b267cadd5de56ae,
        type: 3}
      propertyPath: m_LocalRotation.x
      value: 0.7071068
      objectReference: {fileID: 0}
    - target: {fileID: 8468917172646954082, guid: a54e6c33b12a4a047b267cadd5de56ae,
        type: 3}
      propertyPath: m_LocalRotation.y
      value: -0
      objectReference: {fileID: 0}
    - target: {fileID: 8468917172646954082, guid: a54e6c33b12a4a047b267cadd5de56ae,
        type: 3}
      propertyPath: m_LocalRotation.z
      value: -0
      objectReference: {fileID: 0}
    - target: {fileID: 8468917172646954082, guid: a54e6c33b12a4a047b267cadd5de56ae,
        type: 3}
      propertyPath: m_LocalRotation.w
      value: 0.7071068
      objectReference: {fileID: 0}
    - target: {fileID: 8468917172646954082, guid: a54e6c33b12a4a047b267cadd5de56ae,
        type: 3}
      propertyPath: m_RootOrder
      value: 4
      objectReference: {fileID: 0}
    - target: {fileID: 8468917172646954082, guid: a54e6c33b12a4a047b267cadd5de56ae,
        type: 3}
      propertyPath: m_LocalEulerAnglesHint.x
      value: 90
      objectReference: {fileID: 0}
    - target: {fileID: 8468917172646954082, guid: a54e6c33b12a4a047b267cadd5de56ae,
        type: 3}
      propertyPath: m_LocalEulerAnglesHint.y
      value: 0
      objectReference: {fileID: 0}
    - target: {fileID: 8468917172646954082, guid: a54e6c33b12a4a047b267cadd5de56ae,
        type: 3}
      propertyPath: m_LocalEulerAnglesHint.z
      value: 0
      objectReference: {fileID: 0}
    - target: {fileID: 8468917172646954082, guid: a54e6c33b12a4a047b267cadd5de56ae,
        type: 3}
      propertyPath: m_LocalScale.x
      value: 0.7891661
      objectReference: {fileID: 0}
    - target: {fileID: 8468917172646954082, guid: a54e6c33b12a4a047b267cadd5de56ae,
        type: 3}
      propertyPath: m_LocalScale.y
      value: 0.789167
      objectReference: {fileID: 0}
    - target: {fileID: 8468917172646954082, guid: a54e6c33b12a4a047b267cadd5de56ae,
        type: 3}
      propertyPath: m_LocalScale.z
      value: 0.789167
      objectReference: {fileID: 0}
    - target: {fileID: 8468917172646954080, guid: a54e6c33b12a4a047b267cadd5de56ae,
        type: 3}
      propertyPath: InitialModule.startLifetime.scalar
      value: 0.07
      objectReference: {fileID: 0}
    m_RemovedComponents: []
  m_SourcePrefab: {fileID: 100100000, guid: a54e6c33b12a4a047b267cadd5de56ae, type: 3}
--- !u!4 &5914151524619281962 stripped
Transform:
  m_CorrespondingSourceObject: {fileID: 8468917172646954082, guid: a54e6c33b12a4a047b267cadd5de56ae,
    type: 3}
  m_PrefabInstance: {fileID: 2852161983813755464}
  m_PrefabAsset: {fileID: 0}
--- !u!1001 &7109016044758099760
PrefabInstance:
  m_ObjectHideFlags: 0
  serializedVersion: 2
  m_Modification:
    m_TransformParent: {fileID: 5293098265022183151}
    m_Modifications:
    - target: {fileID: 8468917172646954083, guid: a54e6c33b12a4a047b267cadd5de56ae,
        type: 3}
      propertyPath: m_Name
      value: particulasMotorTopIzq
      objectReference: {fileID: 0}
    - target: {fileID: 8468917172646954082, guid: a54e6c33b12a4a047b267cadd5de56ae,
        type: 3}
      propertyPath: m_LocalPosition.x
      value: -0.679
      objectReference: {fileID: 0}
    - target: {fileID: 8468917172646954082, guid: a54e6c33b12a4a047b267cadd5de56ae,
        type: 3}
      propertyPath: m_LocalPosition.y
      value: 0.07
      objectReference: {fileID: 0}
    - target: {fileID: 8468917172646954082, guid: a54e6c33b12a4a047b267cadd5de56ae,
        type: 3}
      propertyPath: m_LocalPosition.z
      value: 0
      objectReference: {fileID: 0}
    - target: {fileID: 8468917172646954082, guid: a54e6c33b12a4a047b267cadd5de56ae,
        type: 3}
      propertyPath: m_LocalRotation.x
      value: 0.7071068
      objectReference: {fileID: 0}
    - target: {fileID: 8468917172646954082, guid: a54e6c33b12a4a047b267cadd5de56ae,
        type: 3}
      propertyPath: m_LocalRotation.y
      value: -0
      objectReference: {fileID: 0}
    - target: {fileID: 8468917172646954082, guid: a54e6c33b12a4a047b267cadd5de56ae,
        type: 3}
      propertyPath: m_LocalRotation.z
      value: -0
      objectReference: {fileID: 0}
    - target: {fileID: 8468917172646954082, guid: a54e6c33b12a4a047b267cadd5de56ae,
        type: 3}
      propertyPath: m_LocalRotation.w
      value: 0.7071068
      objectReference: {fileID: 0}
    - target: {fileID: 8468917172646954082, guid: a54e6c33b12a4a047b267cadd5de56ae,
        type: 3}
      propertyPath: m_RootOrder
      value: 1
      objectReference: {fileID: 0}
    - target: {fileID: 8468917172646954082, guid: a54e6c33b12a4a047b267cadd5de56ae,
        type: 3}
      propertyPath: m_LocalEulerAnglesHint.x
      value: 90
      objectReference: {fileID: 0}
    - target: {fileID: 8468917172646954082, guid: a54e6c33b12a4a047b267cadd5de56ae,
        type: 3}
      propertyPath: m_LocalEulerAnglesHint.y
      value: 0
      objectReference: {fileID: 0}
    - target: {fileID: 8468917172646954082, guid: a54e6c33b12a4a047b267cadd5de56ae,
        type: 3}
      propertyPath: m_LocalEulerAnglesHint.z
      value: 0
      objectReference: {fileID: 0}
    - target: {fileID: 8468917172646954082, guid: a54e6c33b12a4a047b267cadd5de56ae,
        type: 3}
      propertyPath: m_LocalScale.x
      value: 0.7891661
      objectReference: {fileID: 0}
    - target: {fileID: 8468917172646954082, guid: a54e6c33b12a4a047b267cadd5de56ae,
        type: 3}
      propertyPath: m_LocalScale.y
      value: 0.789167
      objectReference: {fileID: 0}
    - target: {fileID: 8468917172646954082, guid: a54e6c33b12a4a047b267cadd5de56ae,
        type: 3}
      propertyPath: m_LocalScale.z
      value: 0.789167
      objectReference: {fileID: 0}
    - target: {fileID: 8468917172646954080, guid: a54e6c33b12a4a047b267cadd5de56ae,
        type: 3}
      propertyPath: InitialModule.startLifetime.scalar
      value: 0.07
      objectReference: {fileID: 0}
    m_RemovedComponents: []
  m_SourcePrefab: {fileID: 100100000, guid: a54e6c33b12a4a047b267cadd5de56ae, type: 3}
--- !u!4 &1670816912487490386 stripped
Transform:
  m_CorrespondingSourceObject: {fileID: 8468917172646954082, guid: a54e6c33b12a4a047b267cadd5de56ae,
    type: 3}
  m_PrefabInstance: {fileID: 7109016044758099760}
  m_PrefabAsset: {fileID: 0}
