%YAML 1.1
%TAG !u! tag:unity3d.com,2011:
--- !u!1 &1472750563988254789
GameObject:
  m_ObjectHideFlags: 0
  m_CorrespondingSourceObject: {fileID: 0}
  m_PrefabInstance: {fileID: 0}
  m_PrefabAsset: {fileID: 0}
  serializedVersion: 6
  m_Component:
  - component: {fileID: 6310002292381115235}
  - component: {fileID: 2514585654911161916}
  m_Layer: 0
  m_Name: ProyectilMetrallaMel
  m_TagString: Untagged
  m_Icon: {fileID: 0}
  m_NavMeshLayer: 0
  m_StaticEditorFlags: 0
  m_IsActive: 1
--- !u!4 &6310002292381115235
Transform:
  m_ObjectHideFlags: 0
  m_CorrespondingSourceObject: {fileID: 0}
  m_PrefabInstance: {fileID: 0}
  m_PrefabAsset: {fileID: 0}
  m_GameObject: {fileID: 1472750563988254789}
  m_LocalRotation: {x: 0, y: 0, z: 0, w: 1}
  m_LocalPosition: {x: 0, y: 0, z: 0}
  m_LocalScale: {x: 1, y: 1, z: 1}
  m_Children:
  - {fileID: 4758009297161341271}
  - {fileID: 3204222674522786470}
  - {fileID: 5162354797191096713}
  m_Father: {fileID: 0}
  m_RootOrder: 0
  m_LocalEulerAnglesHint: {x: 0, y: 0, z: 0}
--- !u!114 &2514585654911161916
MonoBehaviour:
  m_ObjectHideFlags: 0
  m_CorrespondingSourceObject: {fileID: 0}
  m_PrefabInstance: {fileID: 0}
  m_PrefabAsset: {fileID: 0}
  m_GameObject: {fileID: 1472750563988254789}
  m_Enabled: 1
  m_EditorHideFlags: 0
  m_Script: {fileID: 11500000, guid: 254ed895ee0fa7d498868d13fbb00c51, type: 3}
  m_Name: 
  m_EditorClassIdentifier: 
--- !u!1001 &257734293607203059
PrefabInstance:
  m_ObjectHideFlags: 0
  serializedVersion: 2
  m_Modification:
    m_TransformParent: {fileID: 6310002292381115235}
    m_Modifications:
    - target: {fileID: 3450892503426402896, guid: c70af8d74c41e934aaa0b6f923904297,
        type: 3}
      propertyPath: m_Name
      value: proyectilMelocoton (1)
      objectReference: {fileID: 0}
    - target: {fileID: 3450892503426402901, guid: c70af8d74c41e934aaa0b6f923904297,
        type: 3}
      propertyPath: m_LocalPosition.x
      value: 0
      objectReference: {fileID: 0}
    - target: {fileID: 3450892503426402901, guid: c70af8d74c41e934aaa0b6f923904297,
        type: 3}
      propertyPath: m_LocalPosition.y
      value: 0
      objectReference: {fileID: 0}
    - target: {fileID: 3450892503426402901, guid: c70af8d74c41e934aaa0b6f923904297,
        type: 3}
      propertyPath: m_LocalPosition.z
      value: 0
      objectReference: {fileID: 0}
    - target: {fileID: 3450892503426402901, guid: c70af8d74c41e934aaa0b6f923904297,
        type: 3}
      propertyPath: m_LocalRotation.x
      value: 0
      objectReference: {fileID: 0}
    - target: {fileID: 3450892503426402901, guid: c70af8d74c41e934aaa0b6f923904297,
        type: 3}
      propertyPath: m_LocalRotation.y
      value: 0
      objectReference: {fileID: 0}
    - target: {fileID: 3450892503426402901, guid: c70af8d74c41e934aaa0b6f923904297,
        type: 3}
      propertyPath: m_LocalRotation.z
      value: 0.047716632
      objectReference: {fileID: 0}
    - target: {fileID: 3450892503426402901, guid: c70af8d74c41e934aaa0b6f923904297,
        type: 3}
      propertyPath: m_LocalRotation.w
      value: 0.9988609
      objectReference: {fileID: 0}
    - target: {fileID: 3450892503426402901, guid: c70af8d74c41e934aaa0b6f923904297,
        type: 3}
      propertyPath: m_RootOrder
      value: 1
      objectReference: {fileID: 0}
    - target: {fileID: 3450892503426402901, guid: c70af8d74c41e934aaa0b6f923904297,
        type: 3}
      propertyPath: m_LocalEulerAnglesHint.x
      value: 0
      objectReference: {fileID: 0}
    - target: {fileID: 3450892503426402901, guid: c70af8d74c41e934aaa0b6f923904297,
        type: 3}
      propertyPath: m_LocalEulerAnglesHint.y
      value: 0
      objectReference: {fileID: 0}
    - target: {fileID: 3450892503426402901, guid: c70af8d74c41e934aaa0b6f923904297,
        type: 3}
      propertyPath: m_LocalEulerAnglesHint.z
      value: 5.47
      objectReference: {fileID: 0}
    - target: {fileID: 3450892503426402901, guid: c70af8d74c41e934aaa0b6f923904297,
        type: 3}
      propertyPath: m_LocalScale.x
      value: 0.4
      objectReference: {fileID: 0}
    - target: {fileID: 3450892503426402901, guid: c70af8d74c41e934aaa0b6f923904297,
        type: 3}
      propertyPath: m_LocalScale.y
      value: 0.4
      objectReference: {fileID: 0}
    - target: {fileID: 3450892503426402901, guid: c70af8d74c41e934aaa0b6f923904297,
        type: 3}
      propertyPath: m_LocalScale.z
      value: 0.4
      objectReference: {fileID: 0}
    - target: {fileID: 3450892503426402903, guid: c70af8d74c41e934aaa0b6f923904297,
        type: 3}
      propertyPath: velocidadMovimiento
      value: 5
      objectReference: {fileID: 0}
    - target: {fileID: 3450892503426402903, guid: c70af8d74c41e934aaa0b6f923904297,
        type: 3}
      propertyPath: cantidadDanio
      value: 0.66
      objectReference: {fileID: 0}
    - target: {fileID: 3450892503426402903, guid: c70af8d74c41e934aaa0b6f923904297,
        type: 3}
      propertyPath: tieneRetardo
      value: 1
      objectReference: {fileID: 0}
    - target: {fileID: 3450892503426402903, guid: c70af8d74c41e934aaa0b6f923904297,
        type: 3}
      propertyPath: tiempoRetardo
      value: 0.1
      objectReference: {fileID: 0}
    m_RemovedComponents: []
  m_SourcePrefab: {fileID: 100100000, guid: c70af8d74c41e934aaa0b6f923904297, type: 3}
--- !u!4 &3204222674522786470 stripped
Transform:
  m_CorrespondingSourceObject: {fileID: 3450892503426402901, guid: c70af8d74c41e934aaa0b6f923904297,
    type: 3}
  m_PrefabInstance: {fileID: 257734293607203059}
  m_PrefabAsset: {fileID: 0}
--- !u!1001 &7512098895163417564
PrefabInstance:
  m_ObjectHideFlags: 0
  serializedVersion: 2
  m_Modification:
    m_TransformParent: {fileID: 6310002292381115235}
    m_Modifications:
    - target: {fileID: 3450892503426402896, guid: c70af8d74c41e934aaa0b6f923904297,
        type: 3}
      propertyPath: m_Name
      value: proyectilMelocoton (2)
      objectReference: {fileID: 0}
    - target: {fileID: 3450892503426402901, guid: c70af8d74c41e934aaa0b6f923904297,
        type: 3}
      propertyPath: m_LocalPosition.x
      value: 0
      objectReference: {fileID: 0}
    - target: {fileID: 3450892503426402901, guid: c70af8d74c41e934aaa0b6f923904297,
        type: 3}
      propertyPath: m_LocalPosition.y
      value: 0
      objectReference: {fileID: 0}
    - target: {fileID: 3450892503426402901, guid: c70af8d74c41e934aaa0b6f923904297,
        type: 3}
      propertyPath: m_LocalPosition.z
      value: 0
      objectReference: {fileID: 0}
    - target: {fileID: 3450892503426402901, guid: c70af8d74c41e934aaa0b6f923904297,
        type: 3}
      propertyPath: m_LocalRotation.x
      value: 0
      objectReference: {fileID: 0}
    - target: {fileID: 3450892503426402901, guid: c70af8d74c41e934aaa0b6f923904297,
        type: 3}
      propertyPath: m_LocalRotation.y
      value: 0
      objectReference: {fileID: 0}
    - target: {fileID: 3450892503426402901, guid: c70af8d74c41e934aaa0b6f923904297,
        type: 3}
      propertyPath: m_LocalRotation.z
      value: -0.04771654
      objectReference: {fileID: 0}
    - target: {fileID: 3450892503426402901, guid: c70af8d74c41e934aaa0b6f923904297,
        type: 3}
      propertyPath: m_LocalRotation.w
      value: 0.9988609
      objectReference: {fileID: 0}
    - target: {fileID: 3450892503426402901, guid: c70af8d74c41e934aaa0b6f923904297,
        type: 3}
      propertyPath: m_RootOrder
      value: 2
      objectReference: {fileID: 0}
    - target: {fileID: 3450892503426402901, guid: c70af8d74c41e934aaa0b6f923904297,
        type: 3}
      propertyPath: m_LocalEulerAnglesHint.x
      value: 0
      objectReference: {fileID: 0}
    - target: {fileID: 3450892503426402901, guid: c70af8d74c41e934aaa0b6f923904297,
        type: 3}
      propertyPath: m_LocalEulerAnglesHint.y
      value: 0
      objectReference: {fileID: 0}
    - target: {fileID: 3450892503426402901, guid: c70af8d74c41e934aaa0b6f923904297,
        type: 3}
      propertyPath: m_LocalEulerAnglesHint.z
      value: -5.47
      objectReference: {fileID: 0}
    - target: {fileID: 3450892503426402901, guid: c70af8d74c41e934aaa0b6f923904297,
        type: 3}
      propertyPath: m_LocalScale.x
      value: 0.4
      objectReference: {fileID: 0}
    - target: {fileID: 3450892503426402901, guid: c70af8d74c41e934aaa0b6f923904297,
        type: 3}
      propertyPath: m_LocalScale.y
      value: 0.4
      objectReference: {fileID: 0}
    - target: {fileID: 3450892503426402901, guid: c70af8d74c41e934aaa0b6f923904297,
        type: 3}
      propertyPath: m_LocalScale.z
      value: 0.4
      objectReference: {fileID: 0}
    - target: {fileID: 3450892503426402903, guid: c70af8d74c41e934aaa0b6f923904297,
        type: 3}
      propertyPath: velocidadMovimiento
      value: 5
      objectReference: {fileID: 0}
    - target: {fileID: 3450892503426402903, guid: c70af8d74c41e934aaa0b6f923904297,
        type: 3}
      propertyPath: cantidadDanio
      value: 0.66
      objectReference: {fileID: 0}
    - target: {fileID: 3450892503426402903, guid: c70af8d74c41e934aaa0b6f923904297,
        type: 3}
      propertyPath: tieneRetardo
      value: 1
      objectReference: {fileID: 0}
    - target: {fileID: 3450892503426402903, guid: c70af8d74c41e934aaa0b6f923904297,
        type: 3}
      propertyPath: tiempoRetardo
      value: 0.16
      objectReference: {fileID: 0}
    m_RemovedComponents: []
  m_SourcePrefab: {fileID: 100100000, guid: c70af8d74c41e934aaa0b6f923904297, type: 3}
--- !u!4 &5162354797191096713 stripped
Transform:
  m_CorrespondingSourceObject: {fileID: 3450892503426402901, guid: c70af8d74c41e934aaa0b6f923904297,
    type: 3}
  m_PrefabInstance: {fileID: 7512098895163417564}
  m_PrefabAsset: {fileID: 0}
--- !u!1001 &7918401602929869570
PrefabInstance:
  m_ObjectHideFlags: 0
  serializedVersion: 2
  m_Modification:
    m_TransformParent: {fileID: 6310002292381115235}
    m_Modifications:
    - target: {fileID: 3450892503426402896, guid: c70af8d74c41e934aaa0b6f923904297,
        type: 3}
      propertyPath: m_Name
      value: proyectilMelocoton
      objectReference: {fileID: 0}
    - target: {fileID: 3450892503426402901, guid: c70af8d74c41e934aaa0b6f923904297,
        type: 3}
      propertyPath: m_LocalPosition.x
      value: 0
      objectReference: {fileID: 0}
    - target: {fileID: 3450892503426402901, guid: c70af8d74c41e934aaa0b6f923904297,
        type: 3}
      propertyPath: m_LocalPosition.y
      value: 0
      objectReference: {fileID: 0}
    - target: {fileID: 3450892503426402901, guid: c70af8d74c41e934aaa0b6f923904297,
        type: 3}
      propertyPath: m_LocalPosition.z
      value: 0
      objectReference: {fileID: 0}
    - target: {fileID: 3450892503426402901, guid: c70af8d74c41e934aaa0b6f923904297,
        type: 3}
      propertyPath: m_LocalRotation.x
      value: 0
      objectReference: {fileID: 0}
    - target: {fileID: 3450892503426402901, guid: c70af8d74c41e934aaa0b6f923904297,
        type: 3}
      propertyPath: m_LocalRotation.y
      value: 0
      objectReference: {fileID: 0}
    - target: {fileID: 3450892503426402901, guid: c70af8d74c41e934aaa0b6f923904297,
        type: 3}
      propertyPath: m_LocalRotation.z
      value: 0
      objectReference: {fileID: 0}
    - target: {fileID: 3450892503426402901, guid: c70af8d74c41e934aaa0b6f923904297,
        type: 3}
      propertyPath: m_LocalRotation.w
      value: 1
      objectReference: {fileID: 0}
    - target: {fileID: 3450892503426402901, guid: c70af8d74c41e934aaa0b6f923904297,
        type: 3}
      propertyPath: m_RootOrder
      value: 0
      objectReference: {fileID: 0}
    - target: {fileID: 3450892503426402901, guid: c70af8d74c41e934aaa0b6f923904297,
        type: 3}
      propertyPath: m_LocalEulerAnglesHint.x
      value: 0
      objectReference: {fileID: 0}
    - target: {fileID: 3450892503426402901, guid: c70af8d74c41e934aaa0b6f923904297,
        type: 3}
      propertyPath: m_LocalEulerAnglesHint.y
      value: 0
      objectReference: {fileID: 0}
    - target: {fileID: 3450892503426402901, guid: c70af8d74c41e934aaa0b6f923904297,
        type: 3}
      propertyPath: m_LocalEulerAnglesHint.z
      value: 0
      objectReference: {fileID: 0}
    - target: {fileID: 3450892503426402901, guid: c70af8d74c41e934aaa0b6f923904297,
        type: 3}
      propertyPath: m_LocalScale.x
      value: 0.4
      objectReference: {fileID: 0}
    - target: {fileID: 3450892503426402901, guid: c70af8d74c41e934aaa0b6f923904297,
        type: 3}
      propertyPath: m_LocalScale.y
      value: 0.4
      objectReference: {fileID: 0}
    - target: {fileID: 3450892503426402901, guid: c70af8d74c41e934aaa0b6f923904297,
        type: 3}
      propertyPath: m_LocalScale.z
      value: 0.4
      objectReference: {fileID: 0}
    m_RemovedComponents: []
  m_SourcePrefab: {fileID: 100100000, guid: c70af8d74c41e934aaa0b6f923904297, type: 3}
--- !u!4 &4758009297161341271 stripped
Transform:
  m_CorrespondingSourceObject: {fileID: 3450892503426402901, guid: c70af8d74c41e934aaa0b6f923904297,
    type: 3}
  m_PrefabInstance: {fileID: 7918401602929869570}
  m_PrefabAsset: {fileID: 0}
