%YAML 1.1
%TAG !u! tag:unity3d.com,2011:
--- !u!1 &9081393185297539147
GameObject:
  m_ObjectHideFlags: 0
  m_CorrespondingSourceObject: {fileID: 0}
  m_PrefabInstance: {fileID: 0}
  m_PrefabAsset: {fileID: 0}
  serializedVersion: 6
  m_Component:
  - component: {fileID: 9081393185297539146}
  - component: {fileID: 5411225286283855371}
  - component: {fileID: 4957766547332597345}
  m_Layer: 0
  m_Name: EstructuraPrefab7
  m_TagString: Untagged
  m_Icon: {fileID: 0}
  m_NavMeshLayer: 0
  m_StaticEditorFlags: 0
  m_IsActive: 1
--- !u!4 &9081393185297539146
Transform:
  m_ObjectHideFlags: 0
  m_CorrespondingSourceObject: {fileID: 0}
  m_PrefabInstance: {fileID: 0}
  m_PrefabAsset: {fileID: 0}
  m_GameObject: {fileID: 9081393185297539147}
  m_LocalRotation: {x: 0, y: 0, z: 0, w: 1}
  m_LocalPosition: {x: 0, y: 0, z: 0}
  m_LocalScale: {x: 1, y: 1, z: 1}
  m_Children:
  - {fileID: 4645264786064792874}
  - {fileID: 4645264787154914503}
  - {fileID: 4645264786143516885}
  - {fileID: 4645264785753769292}
  - {fileID: 4645264787778114116}
  m_Father: {fileID: 0}
  m_RootOrder: 0
  m_LocalEulerAnglesHint: {x: 0, y: 0, z: 0}
--- !u!114 &5411225286283855371
MonoBehaviour:
  m_ObjectHideFlags: 0
  m_CorrespondingSourceObject: {fileID: 0}
  m_PrefabInstance: {fileID: 0}
  m_PrefabAsset: {fileID: 0}
  m_GameObject: {fileID: 9081393185297539147}
  m_Enabled: 1
  m_EditorHideFlags: 0
  m_Script: {fileID: 11500000, guid: 254ed895ee0fa7d498868d13fbb00c51, type: 3}
  m_Name: 
  m_EditorClassIdentifier: 
--- !u!114 &4957766547332597345
MonoBehaviour:
  m_ObjectHideFlags: 0
  m_CorrespondingSourceObject: {fileID: 0}
  m_PrefabInstance: {fileID: 0}
  m_PrefabAsset: {fileID: 0}
  m_GameObject: {fileID: 9081393185297539147}
  m_Enabled: 1
  m_EditorHideFlags: 0
  m_Script: {fileID: 11500000, guid: 2434bc7c74921f740971cc1b8aed8ea4, type: 3}
  m_Name: 
  m_EditorClassIdentifier: 
  minObjVida: 0
  maxObjVida: 4
  objetoVida: {fileID: 4499339341402545318, guid: 2b84b8dc11c3d474c806de285c6a2fc4,
    type: 3}
--- !u!1001 &9081393185293864223
PrefabInstance:
  m_ObjectHideFlags: 0
  serializedVersion: 2
  m_Modification:
    m_TransformParent: {fileID: 9081393185297539146}
    m_Modifications:
    - target: {fileID: 4499339341402545318, guid: 3015cd4a6492763478002cfc27df060c,
        type: 3}
      propertyPath: m_Name
      value: cuboChoque (4)
      objectReference: {fileID: 0}
    - target: {fileID: 4499339341402546011, guid: 3015cd4a6492763478002cfc27df060c,
        type: 3}
      propertyPath: m_LocalPosition.x
      value: 2.25
      objectReference: {fileID: 0}
    - target: {fileID: 4499339341402546011, guid: 3015cd4a6492763478002cfc27df060c,
        type: 3}
      propertyPath: m_LocalPosition.y
      value: 3.9
      objectReference: {fileID: 0}
    - target: {fileID: 4499339341402546011, guid: 3015cd4a6492763478002cfc27df060c,
        type: 3}
      propertyPath: m_LocalPosition.z
      value: 0
      objectReference: {fileID: 0}
    - target: {fileID: 4499339341402546011, guid: 3015cd4a6492763478002cfc27df060c,
        type: 3}
      propertyPath: m_LocalRotation.x
      value: 0
      objectReference: {fileID: 0}
    - target: {fileID: 4499339341402546011, guid: 3015cd4a6492763478002cfc27df060c,
        type: 3}
      propertyPath: m_LocalRotation.y
      value: 0
      objectReference: {fileID: 0}
    - target: {fileID: 4499339341402546011, guid: 3015cd4a6492763478002cfc27df060c,
        type: 3}
      propertyPath: m_LocalRotation.z
      value: 0
      objectReference: {fileID: 0}
    - target: {fileID: 4499339341402546011, guid: 3015cd4a6492763478002cfc27df060c,
        type: 3}
      propertyPath: m_LocalRotation.w
      value: 1
      objectReference: {fileID: 0}
    - target: {fileID: 4499339341402546011, guid: 3015cd4a6492763478002cfc27df060c,
        type: 3}
      propertyPath: m_RootOrder
      value: 4
      objectReference: {fileID: 0}
    - target: {fileID: 4499339341402546011, guid: 3015cd4a6492763478002cfc27df060c,
        type: 3}
      propertyPath: m_LocalEulerAnglesHint.x
      value: 0
      objectReference: {fileID: 0}
    - target: {fileID: 4499339341402546011, guid: 3015cd4a6492763478002cfc27df060c,
        type: 3}
      propertyPath: m_LocalEulerAnglesHint.y
      value: 0
      objectReference: {fileID: 0}
    - target: {fileID: 4499339341402546011, guid: 3015cd4a6492763478002cfc27df060c,
        type: 3}
      propertyPath: m_LocalEulerAnglesHint.z
      value: 0
      objectReference: {fileID: 0}
    - target: {fileID: 4499339339801903145, guid: 3015cd4a6492763478002cfc27df060c,
        type: 3}
      propertyPath: m_havePropertiesChanged
      value: 0
      objectReference: {fileID: 0}
    - target: {fileID: 4499339339801903145, guid: 3015cd4a6492763478002cfc27df060c,
        type: 3}
      propertyPath: m_isInputParsingRequired
      value: 0
      objectReference: {fileID: 0}
    m_RemovedComponents: []
  m_SourcePrefab: {fileID: 100100000, guid: 3015cd4a6492763478002cfc27df060c, type: 3}
--- !u!4 &4645264787778114116 stripped
Transform:
  m_CorrespondingSourceObject: {fileID: 4499339341402546011, guid: 3015cd4a6492763478002cfc27df060c,
    type: 3}
  m_PrefabInstance: {fileID: 9081393185293864223}
  m_PrefabAsset: {fileID: 0}
--- !u!1001 &9081393185741263772
PrefabInstance:
  m_ObjectHideFlags: 0
  serializedVersion: 2
  m_Modification:
    m_TransformParent: {fileID: 9081393185297539146}
    m_Modifications:
    - target: {fileID: 4499339341402545318, guid: 3015cd4a6492763478002cfc27df060c,
        type: 3}
      propertyPath: m_Name
      value: cuboChoque (1)
      objectReference: {fileID: 0}
    - target: {fileID: 4499339341402546011, guid: 3015cd4a6492763478002cfc27df060c,
        type: 3}
      propertyPath: m_LocalPosition.x
      value: -1.105
      objectReference: {fileID: 0}
    - target: {fileID: 4499339341402546011, guid: 3015cd4a6492763478002cfc27df060c,
        type: 3}
      propertyPath: m_LocalPosition.y
      value: 3.9
      objectReference: {fileID: 0}
    - target: {fileID: 4499339341402546011, guid: 3015cd4a6492763478002cfc27df060c,
        type: 3}
      propertyPath: m_LocalPosition.z
      value: 0
      objectReference: {fileID: 0}
    - target: {fileID: 4499339341402546011, guid: 3015cd4a6492763478002cfc27df060c,
        type: 3}
      propertyPath: m_LocalRotation.x
      value: 0
      objectReference: {fileID: 0}
    - target: {fileID: 4499339341402546011, guid: 3015cd4a6492763478002cfc27df060c,
        type: 3}
      propertyPath: m_LocalRotation.y
      value: 0
      objectReference: {fileID: 0}
    - target: {fileID: 4499339341402546011, guid: 3015cd4a6492763478002cfc27df060c,
        type: 3}
      propertyPath: m_LocalRotation.z
      value: 0
      objectReference: {fileID: 0}
    - target: {fileID: 4499339341402546011, guid: 3015cd4a6492763478002cfc27df060c,
        type: 3}
      propertyPath: m_LocalRotation.w
      value: 1
      objectReference: {fileID: 0}
    - target: {fileID: 4499339341402546011, guid: 3015cd4a6492763478002cfc27df060c,
        type: 3}
      propertyPath: m_RootOrder
      value: 1
      objectReference: {fileID: 0}
    - target: {fileID: 4499339341402546011, guid: 3015cd4a6492763478002cfc27df060c,
        type: 3}
      propertyPath: m_LocalEulerAnglesHint.x
      value: 0
      objectReference: {fileID: 0}
    - target: {fileID: 4499339341402546011, guid: 3015cd4a6492763478002cfc27df060c,
        type: 3}
      propertyPath: m_LocalEulerAnglesHint.y
      value: 0
      objectReference: {fileID: 0}
    - target: {fileID: 4499339341402546011, guid: 3015cd4a6492763478002cfc27df060c,
        type: 3}
      propertyPath: m_LocalEulerAnglesHint.z
      value: 0
      objectReference: {fileID: 0}
    - target: {fileID: 4499339339801903145, guid: 3015cd4a6492763478002cfc27df060c,
        type: 3}
      propertyPath: m_havePropertiesChanged
      value: 0
      objectReference: {fileID: 0}
    - target: {fileID: 4499339339801903145, guid: 3015cd4a6492763478002cfc27df060c,
        type: 3}
      propertyPath: m_isInputParsingRequired
      value: 0
      objectReference: {fileID: 0}
    m_RemovedComponents: []
  m_SourcePrefab: {fileID: 100100000, guid: 3015cd4a6492763478002cfc27df060c, type: 3}
--- !u!4 &4645264787154914503 stripped
Transform:
  m_CorrespondingSourceObject: {fileID: 4499339341402546011, guid: 3015cd4a6492763478002cfc27df060c,
    type: 3}
  m_PrefabInstance: {fileID: 9081393185741263772}
  m_PrefabAsset: {fileID: 0}
--- !u!1001 &9081393186487736855
PrefabInstance:
  m_ObjectHideFlags: 0
  serializedVersion: 2
  m_Modification:
    m_TransformParent: {fileID: 9081393185297539146}
    m_Modifications:
    - target: {fileID: 4499339341402545318, guid: 3015cd4a6492763478002cfc27df060c,
        type: 3}
      propertyPath: m_Name
      value: cuboChoque (3)
      objectReference: {fileID: 0}
    - target: {fileID: 4499339341402546011, guid: 3015cd4a6492763478002cfc27df060c,
        type: 3}
      propertyPath: m_LocalPosition.x
      value: 1.133
      objectReference: {fileID: 0}
    - target: {fileID: 4499339341402546011, guid: 3015cd4a6492763478002cfc27df060c,
        type: 3}
      propertyPath: m_LocalPosition.y
      value: 3.9
      objectReference: {fileID: 0}
    - target: {fileID: 4499339341402546011, guid: 3015cd4a6492763478002cfc27df060c,
        type: 3}
      propertyPath: m_LocalPosition.z
      value: 0
      objectReference: {fileID: 0}
    - target: {fileID: 4499339341402546011, guid: 3015cd4a6492763478002cfc27df060c,
        type: 3}
      propertyPath: m_LocalRotation.x
      value: 0
      objectReference: {fileID: 0}
    - target: {fileID: 4499339341402546011, guid: 3015cd4a6492763478002cfc27df060c,
        type: 3}
      propertyPath: m_LocalRotation.y
      value: 0
      objectReference: {fileID: 0}
    - target: {fileID: 4499339341402546011, guid: 3015cd4a6492763478002cfc27df060c,
        type: 3}
      propertyPath: m_LocalRotation.z
      value: 0
      objectReference: {fileID: 0}
    - target: {fileID: 4499339341402546011, guid: 3015cd4a6492763478002cfc27df060c,
        type: 3}
      propertyPath: m_LocalRotation.w
      value: 1
      objectReference: {fileID: 0}
    - target: {fileID: 4499339341402546011, guid: 3015cd4a6492763478002cfc27df060c,
        type: 3}
      propertyPath: m_RootOrder
      value: 3
      objectReference: {fileID: 0}
    - target: {fileID: 4499339341402546011, guid: 3015cd4a6492763478002cfc27df060c,
        type: 3}
      propertyPath: m_LocalEulerAnglesHint.x
      value: 0
      objectReference: {fileID: 0}
    - target: {fileID: 4499339341402546011, guid: 3015cd4a6492763478002cfc27df060c,
        type: 3}
      propertyPath: m_LocalEulerAnglesHint.y
      value: 0
      objectReference: {fileID: 0}
    - target: {fileID: 4499339341402546011, guid: 3015cd4a6492763478002cfc27df060c,
        type: 3}
      propertyPath: m_LocalEulerAnglesHint.z
      value: 0
      objectReference: {fileID: 0}
    - target: {fileID: 4499339339801903145, guid: 3015cd4a6492763478002cfc27df060c,
        type: 3}
      propertyPath: m_havePropertiesChanged
      value: 0
      objectReference: {fileID: 0}
    - target: {fileID: 4499339339801903145, guid: 3015cd4a6492763478002cfc27df060c,
        type: 3}
      propertyPath: m_isInputParsingRequired
      value: 0
      objectReference: {fileID: 0}
    m_RemovedComponents: []
  m_SourcePrefab: {fileID: 100100000, guid: 3015cd4a6492763478002cfc27df060c, type: 3}
--- !u!4 &4645264785753769292 stripped
Transform:
  m_CorrespondingSourceObject: {fileID: 4499339341402546011, guid: 3015cd4a6492763478002cfc27df060c,
    type: 3}
  m_PrefabInstance: {fileID: 9081393186487736855}
  m_PrefabAsset: {fileID: 0}
--- !u!1001 &9081393186805957233
PrefabInstance:
  m_ObjectHideFlags: 0
  serializedVersion: 2
  m_Modification:
    m_TransformParent: {fileID: 9081393185297539146}
    m_Modifications:
    - target: {fileID: 4499339341402545318, guid: 3015cd4a6492763478002cfc27df060c,
        type: 3}
      propertyPath: m_Name
      value: cuboChoque
      objectReference: {fileID: 0}
    - target: {fileID: 4499339341402546011, guid: 3015cd4a6492763478002cfc27df060c,
        type: 3}
      propertyPath: m_LocalPosition.x
      value: -2.25
      objectReference: {fileID: 0}
    - target: {fileID: 4499339341402546011, guid: 3015cd4a6492763478002cfc27df060c,
        type: 3}
      propertyPath: m_LocalPosition.y
      value: 3.9
      objectReference: {fileID: 0}
    - target: {fileID: 4499339341402546011, guid: 3015cd4a6492763478002cfc27df060c,
        type: 3}
      propertyPath: m_LocalPosition.z
      value: 0
      objectReference: {fileID: 0}
    - target: {fileID: 4499339341402546011, guid: 3015cd4a6492763478002cfc27df060c,
        type: 3}
      propertyPath: m_LocalRotation.x
      value: 0
      objectReference: {fileID: 0}
    - target: {fileID: 4499339341402546011, guid: 3015cd4a6492763478002cfc27df060c,
        type: 3}
      propertyPath: m_LocalRotation.y
      value: 0
      objectReference: {fileID: 0}
    - target: {fileID: 4499339341402546011, guid: 3015cd4a6492763478002cfc27df060c,
        type: 3}
      propertyPath: m_LocalRotation.z
      value: 0
      objectReference: {fileID: 0}
    - target: {fileID: 4499339341402546011, guid: 3015cd4a6492763478002cfc27df060c,
        type: 3}
      propertyPath: m_LocalRotation.w
      value: 1
      objectReference: {fileID: 0}
    - target: {fileID: 4499339341402546011, guid: 3015cd4a6492763478002cfc27df060c,
        type: 3}
      propertyPath: m_RootOrder
      value: 0
      objectReference: {fileID: 0}
    - target: {fileID: 4499339341402546011, guid: 3015cd4a6492763478002cfc27df060c,
        type: 3}
      propertyPath: m_LocalEulerAnglesHint.x
      value: 0
      objectReference: {fileID: 0}
    - target: {fileID: 4499339341402546011, guid: 3015cd4a6492763478002cfc27df060c,
        type: 3}
      propertyPath: m_LocalEulerAnglesHint.y
      value: 0
      objectReference: {fileID: 0}
    - target: {fileID: 4499339341402546011, guid: 3015cd4a6492763478002cfc27df060c,
        type: 3}
      propertyPath: m_LocalEulerAnglesHint.z
      value: 0
      objectReference: {fileID: 0}
    - target: {fileID: 4499339339801903145, guid: 3015cd4a6492763478002cfc27df060c,
        type: 3}
      propertyPath: m_havePropertiesChanged
      value: 0
      objectReference: {fileID: 0}
    - target: {fileID: 4499339339801903145, guid: 3015cd4a6492763478002cfc27df060c,
        type: 3}
      propertyPath: m_isInputParsingRequired
      value: 0
      objectReference: {fileID: 0}
    m_RemovedComponents: []
  m_SourcePrefab: {fileID: 100100000, guid: 3015cd4a6492763478002cfc27df060c, type: 3}
--- !u!4 &4645264786064792874 stripped
Transform:
  m_CorrespondingSourceObject: {fileID: 4499339341402546011, guid: 3015cd4a6492763478002cfc27df060c,
    type: 3}
  m_PrefabInstance: {fileID: 9081393186805957233}
  m_PrefabAsset: {fileID: 0}
--- !u!1001 &9081393186878392206
PrefabInstance:
  m_ObjectHideFlags: 0
  serializedVersion: 2
  m_Modification:
    m_TransformParent: {fileID: 9081393185297539146}
    m_Modifications:
    - target: {fileID: 4499339341402545318, guid: 3015cd4a6492763478002cfc27df060c,
        type: 3}
      propertyPath: m_Name
      value: cuboChoque (2)
      objectReference: {fileID: 0}
    - target: {fileID: 4499339341402546011, guid: 3015cd4a6492763478002cfc27df060c,
        type: 3}
      propertyPath: m_LocalPosition.x
      value: 0
      objectReference: {fileID: 0}
    - target: {fileID: 4499339341402546011, guid: 3015cd4a6492763478002cfc27df060c,
        type: 3}
      propertyPath: m_LocalPosition.y
      value: 3.9
      objectReference: {fileID: 0}
    - target: {fileID: 4499339341402546011, guid: 3015cd4a6492763478002cfc27df060c,
        type: 3}
      propertyPath: m_LocalPosition.z
      value: 0
      objectReference: {fileID: 0}
    - target: {fileID: 4499339341402546011, guid: 3015cd4a6492763478002cfc27df060c,
        type: 3}
      propertyPath: m_LocalRotation.x
      value: 0
      objectReference: {fileID: 0}
    - target: {fileID: 4499339341402546011, guid: 3015cd4a6492763478002cfc27df060c,
        type: 3}
      propertyPath: m_LocalRotation.y
      value: 0
      objectReference: {fileID: 0}
    - target: {fileID: 4499339341402546011, guid: 3015cd4a6492763478002cfc27df060c,
        type: 3}
      propertyPath: m_LocalRotation.z
      value: 0
      objectReference: {fileID: 0}
    - target: {fileID: 4499339341402546011, guid: 3015cd4a6492763478002cfc27df060c,
        type: 3}
      propertyPath: m_LocalRotation.w
      value: 1
      objectReference: {fileID: 0}
    - target: {fileID: 4499339341402546011, guid: 3015cd4a6492763478002cfc27df060c,
        type: 3}
      propertyPath: m_RootOrder
      value: 2
      objectReference: {fileID: 0}
    - target: {fileID: 4499339341402546011, guid: 3015cd4a6492763478002cfc27df060c,
        type: 3}
      propertyPath: m_LocalEulerAnglesHint.x
      value: 0
      objectReference: {fileID: 0}
    - target: {fileID: 4499339341402546011, guid: 3015cd4a6492763478002cfc27df060c,
        type: 3}
      propertyPath: m_LocalEulerAnglesHint.y
      value: 0
      objectReference: {fileID: 0}
    - target: {fileID: 4499339341402546011, guid: 3015cd4a6492763478002cfc27df060c,
        type: 3}
      propertyPath: m_LocalEulerAnglesHint.z
      value: 0
      objectReference: {fileID: 0}
    - target: {fileID: 4499339339801903145, guid: 3015cd4a6492763478002cfc27df060c,
        type: 3}
      propertyPath: m_havePropertiesChanged
      value: 0
      objectReference: {fileID: 0}
    - target: {fileID: 4499339339801903145, guid: 3015cd4a6492763478002cfc27df060c,
        type: 3}
      propertyPath: m_isInputParsingRequired
      value: 0
      objectReference: {fileID: 0}
    m_RemovedComponents: []
  m_SourcePrefab: {fileID: 100100000, guid: 3015cd4a6492763478002cfc27df060c, type: 3}
--- !u!4 &4645264786143516885 stripped
Transform:
  m_CorrespondingSourceObject: {fileID: 4499339341402546011, guid: 3015cd4a6492763478002cfc27df060c,
    type: 3}
  m_PrefabInstance: {fileID: 9081393186878392206}
  m_PrefabAsset: {fileID: 0}
